4295 5149
368 1600 373 1605 ,
455 1442 963 1617 Opinione,
1046 1496 1503 1627 ,parabolas'
1557 1505 1848 1595 Christi
1919 1509 2353 1635 imaginem
2417 1503 2721 1595 referre
2801 1512 3336 1629 apologorum

449 1641 1069 1759 Aesopicorum‘,
1101 1650 1184 1734 in
1222 1647 1470 1759 priori
1508 1644 1771 1731 libelio
1807 1635 2425 1747 refutata,‘nunc
2457 1644 3018 1760 quaestionem,
3052 1676 3335 1751 utrum

449 1778 873 1891 parabolas
911 1782 1459 1903 philosophico
1496 1781 1795 1895 mytho
1847 1808 1928 1868 et
1973 1783 2205 1895 epico
2250 1783 2578 1868 carmini
2622 1780 2827 1868 bene
2866 1809 3334 1899 comparare
3388 1836 3405 1847 ·

356 1972 359 1975 -
447 1913 716 2049 liceat,
805 1948 983 2008 nec
995 1949 1146 2023 ne,
1219 1918 1642 2006 enodatur?
1670 1921 2114 2035 pergimus,
2226 1918 2482 2007 Hunc
2529 1941 2813 2006 tamen
2843 1917 3144 2007 locum
3166 1949 3333 2011 non

444 2052 553 2137 ita
616 2038 1086 2169 adgredior,
1196 2082 1292 2144 ut
1342 2084 1519 2145 rem
1579 2054 1824 2167 ipsam
1889 2055 2242 2142 multum
2306 2055 2904 2157 illustraturum
2955 2082 3088 2171 me
3157 2056 3330 2171 spc-

446 2214 664 2299 rem,
773 2192 907 2279 se'd
936 2220 1036 2280 ut
1086 2220 1465 2306 quaeram
1517 2193 1869 2304 potius‚.
1942 2218 2146 2288 num
2201 2190 2401 2303 quid
2448 2192 2648 2275 certi
2695 2189 2928 2301 poffit
2978 2190 3083 2276 de
3130 2194 3330 2280 fimi-

286 2316 311 2373 ἶ
379 2372 387 2381 ·
444 2322 822 2428 liffidine,
933 2338 1177 2439 quam
1231 2327 1566 2443 mythus
1623 2353 1815 2413 cum
1875 2325 2254 2438 parabola
2300 2322 2632 2410 habere
2649 2321 3056 2430 videatur,
3130 2327 3328 2418 defi-

374 2571 385 2587 ·
447 2463 642 2570 niri3
752 2484 995 2571 atque
1052 2460 1161 2545 id
1189 2460 1449 2572 ipfum
1500 2461 1855 2545 breviter
1906 2484 2375 2570 cauteque,
2461 2482 2555 2558 ut
2605 2462 2747 2572 qui
2804 2454 3045 2566 hujus
3097 2480 3328 2579 argu·
3475 2568 3492 2595 .

216 2689 237 2714 ‚
442 2593 721 2704 menti,
784 2592 1033 2702 veluti
1082 2590 1266 2678 freti
1320 2560 1736 2697 cujusdam
1782 2589 2220 2703 naufragiis
2268 2588 2605 2711 infamis,
2660 2617 3100 2683 extremam
3159 2617 3324 2688 tan

294 2799 303 2806 .
443 2754 633 2852 tum
668 2729 901 2816 oram
928 2727 1214 2839 legere
1254 2725 1415 2810 aus
1420 2751 1525 2808 m
1574 2760 1605 2795 ο
2302 2753 2308 2764 ’
2804 2767 2810 2774 ·
3113 2755 3124 2763 ·

654 2861 1231 2978 Impugnaturi
1299 2860 1571 2947 sumus
1635 2881 1818 2945 ante
1860 2861 2152 2948 omnia
2204 2833 2508 2950 eorum
2579 2789 3075 2972 sententiam,
3179 2873 3325 2986 qui

443 3002 586 3091 fibi
645 3001 984 3087 habeant
1026 2993 1481 3112 persuasum
1504 3056 1527 3095 ,
1599 3022 1769 3079 non
1811 2995 2172 3083 conferri
2204 2997 2422 3112 posse
2468 3000 3110 3115 philosophicum
3139 3032 3321 3119 my-

444 3138 687 3227 thum
744 3135 1164 3252 parabolae
1225 3131 1421 3245 Jesu
1484 3128 1777 3217 Christi
1842 3143 2331 3246 propterea,⁶
2426 3135 2654 3270 qnod
2706 3142 2788 3223 in
2853 3166 2987 3239 e0,
3101 3147 3323 3229 omni

306 3289 319 3296 “
360 3263 365 3266 ’
445 3276 737 3392 poetici
784 3255 962 3400 styli
1006 3271 1276 3356 colore
1336 3257 1741 3380 neglectu,
1856 3290 2015 3352 tam
2065 3266 2121 3351 Γ
2108 3267 2416 3380 mplex
2455 3291 2537 3356 et
2587 3273 2965 3358 omnibus
2991 3283 3321 3365 veneri-

308 3423 317 3514 J
445 3413 600 3499 bus
637 3410 999 3504 destituta
1035 3409 1289 3498 oratio
1323 3403 1670 3498 abhibita
1711 3402 1880 3511 fit,
1914 3417 2042 3489 ut
2071 3405 2435 3492 homines
2469 3408 2825 3520 poeticae
2864 3434 3052 3494 artis
3084 3415 3362 3524 periti
3387 3461 3430 3472 2-
3564 3486 3568 3490 ,

310 3583 329 3610 s
410 3574 611 3636 ·non
676 3549 815 3634 nifi
876 3574 1117 3661 aegre
1183 3542 1353 3654 ejus
1402 3541 1823 3627 lectionem
1877 3537 2248 3628 sustinere
2298 3543 2612 3657 poffint.
2767 3543 3340 3661 Philosophico

388 3761 391 3766 .
442 3687 527 3770 in
570 3685 889 3796 mytho
918 3711 1020 3769 ne
1070 3677 1465 3831 grandem
1526 3679 2029 3764 inveniamus
2080 3683 2581 3787 orationem,
2643 3675 3090 3772 sententiis
3130 3684 3319 3770 den-

442 3819 639 3922 sam,
752 3843 1180 3951 troporum
1236 3816 1463 3926 copia
1520 3836 1602 3898 et
1665 3810 2316 3926 metaphorarum
2369 3816 2787 3930 splendore
2851 3801 3314 3908 exornatam
3409 3893 3457 3917 ,.
3535 3799 3544 3876 s
3673 3839 3678 3846 “
3731 3796 3760 3810 ’

437 3978 525 4043 et
581 3954 929 4067 denique
983 3954 1034 4038 s
1042 3954 1117 4039 b1
1134 3950 1478 4066 semper
1528 3949 1979 4060 instantem,
2090 3950 2174 4038 id
2221 3954 2318 4039 in
2317 3927 2616 4046 caula
2630 3937 2784 4060 e‘st,
2833 3952 3122 4065 quod
3171 3954 3313 4042 he-

436 4093 684 4182 braici
727 4102 1020 4205 ‘poetae
1067 4087 1459 4201 anuqulss'
1463 4112 1597 4172 mo
1654 4112 1859 4173 aevo
1918 4086 2296 4175 florentes
2353 4079 2773 4200 nunquam
2819 4025 2973 4173 sese
3025 4088 3131 4174 ab
3182 4091 3311 4177 illa
3429 4101 3442 4188 j

397 4257 655 4320 recta
704 4252 805 4317 et
834 4226 1199 4340 simplici,
1306 4225 1394 4311 in
1455 4250 1621 4337 qua
1676 4222 2422 4512 summamGpoetae
2479 4224 2798 4316 laudem
2865 4226 3084 4316 stam
3156 4226 3312 4317 efle

1588 4395 1597 4402 .
2214 4392 2260 4449 2
2577 4378 2587 4392 ,
3239 4407 3244 4410 ,

1544 4608 1585 4620 ·-
1925 4617 1931 4624 .
3069 4599 3110 4624 ,Ι
