4295 5149
2390 336 2600 444 σε’

806 613 823 621 -
878 598 915 617 ν
1010 554 1337 650 fuiffet.
1409 550 1662 661 Nam,
1715 540 1941 637 strata
1990 511 2152 666 jam
2209 545 2313 633 ab
2327 543 2682 671 Orpheo
2715 566 2797 633 et
2833 545 2999 634 aliis
3048 546 3180 649 ad
3197 544 3432 685 adyta
3457 455 3893 675 Maiarum
3995 646 4012 651 ,
4135 522 4152 525 ”

1005 698 1175 798 via,
1282 700 1568 806 poetae
1621 680 1868 775 serius
1928 678 2562 795 efflorescentes,
2651 662 2976 773 faciliori
3047 692 3292 799 opera
3360 710 3441 771 et
3504 686 3889 770 exercita·-

966 820 1209 957 ‘tio're
1296 826 1543 914 man'u
1621 824 1964 929 carmina
2037 847 2369 908 exarare
2440 820 2853 934 poterant,
2983 848 3197 936 quae
3261 848 3462 909 cum
3528 820 3664 908 ob
3714 820 3889 907 ora-
4017 890 4024 895 .

776 1046 781 1051 .
897 1012 931 1047 ·-
1003 954 1240 1057 tionis
1322 960 1889 1080 granditatem
1880 983 2025 1045 et
2068 957 2603 1058 venustatem,
2700 982 2879 1048 tum
2940 956 3504 1053 sententiarum
3566 955 3891 1071 pondus

899 1155 906 1163 ·
1004 1104 1368 1222 probata,
1426 1099 1779 1193 multum
1834 1094 1936 1181 ad
1993 1092 2633 1181 inflammandam
2694 1097 2992 1208 patriae
3047 1098 3449 1184 caritatem
3505 1119 3588 1181 et
3657 1093 3890 1181 ardo-

666 1292 731 1346 ··.
922 1344 927 1351 ‚
1002 1270 1178 1329 rem
1257 1233 1714 1354 pugnandi,
1821 1230 2276 1320 acuendam
2341 1230 2900 1344 prudentiam,
3009 1232 3584 1373 moderandam
3661 1229 3889 1316 deni-

1001 1405 1215 1491 que
1250 1375 1720 1497 religionem
1809 1356 2173 1477 valuisse,
2299 1371 2450 1487 qui
2544 1362 3011 1479 diffiteatur,
3141 1360 3439 1478 neuin,
3507 1346 3910 1483 opinor,

1000 1511 1269 1620 hodie
1320 1511 1793 1622 reperietur.
1957 1496 2184 1606 Nam
2262 1505 2569 1592 horum
2637 1508 3008 1595 virorum
3079 1505 3467 1619 judicium
3548 1507 3888 1593 lectione

1000 1638 1451 1736 carminum
1516 1643 1619 1731 ab
1664 1640 2007 1757 Orpheo
2060 1641 2386 1757 aliisque
2453 1646 2712 1756 poetis
2774 1638 3422 1733 antecedentibus
3487 1610 3904 1770 conscripss

990 1780 1272 1903 ‚torum
1336 1781 1764 1896 limabatur
1812 1781 2326 1893 'auriumque
2408 1779 2666 1869 sensus
2754 1762 3161 1897 paullatim
3250 1785 3352 1868 ita
3421 1782 3884 1881 acuebatur,

996 1944 1093 2012 ut
1144 1914 1391 2035 ‘facile'
1472 1916 1685 2001 bene
1759 1906 2136 2003 structam
2218 1917 2667 2007 orationem
2703 1932 2786 2005 ‘a
2861 1918 3256 2027 dissoluta,
3377 1918 3726 2032 asperam
3793 1940 3912 2013 et,

991 2052 1343 2143 hiulcam
1405 2082 1451 2140 a
1518 2051 1677 2165 levi
1752 2075 1831 2139 et
1891 2051 2354 2153 numerosa,
2465 2051 2695 2141 facile
2764 2055 2962 2173 ipso
3006 2054 3284 2142 e'arut‘n'
3350 2053 3881 2167 judiciodig·

884 2176 934 2301 J
999 2190 1332 2280 noscere
1402 2188 1741 2305 possent.
1914 2188 2354 2304 Praecipue
2450 2193 2702 2304 igitur
2789 2197 2870 2277 in
2962 2220 3063 2279 eo
3153 2190 3668 2285 elaborarunt
3747 2189 3875 2296 illi,

894 2438 909 2446 ἃ
991 2349 1090 2417 ut
1170 2355 1327 2463 pro
1404 2325 1591 2414 sua
1580 2329 1963 2441 quisque
2037 2330 2275 2414 animi
2347 2326 2899 2443 magnitudine
2968 2354 3054 2415 et
3104 2327 3626 2443 generositate
3704 2324 3878 2412 sen·
3985 2354 3990 2361 ·

989 2477 1277 2552 tentias
1351 2472 1724 2573 parerent
1819 2464 2147 2573 magnas
2247 2488 2330 2548 et
2399 2448 2938 2566 admirabiles,
3068 2493 3269 2577 quas
3349 2463 3569 2550 nulla
3647 2464 3877 2548 'alieni

839 2567 863 2600 Χ
936 2589 1349 2722 ‘exempli
1394 2595 1822 2688 imitatione
1873 2590 2164 2696 adjuti,
2218 2589 2540 2712 grandi,
2628 2587 2966 2706 sublimi
3016 2601 3538 2740 numerisque
3603 2597 3878 2684 adstri-
3964 2663 3978 2674 .

988 2757 1113 2824 cta
1167 2731 1545 2836 oratione
1599 2748 2175 2856 expromerent
2239 2749 2321 2811 et
2372 2723 2794 2825 vestirent,
2901 2727 3216 2841 ubique
3273 2725 3627 2842 graviter
3695 2758 3879 2821 mo-

983 2865 1303 2975 nentes,
1344 2848 1635 2979 quid
1720 2888 2001 2975 turpe,
2114 2860 2316 2974 quid
2414 2858 2838 2947 honestum
2860 2923 2886 2964 ‚
3012 2861 3408 2954 decorum
3483 2863 3873 2992 faoemm-

938 3033 1147 3121 ‘que
1245 3002 1454 3093 effet-
1652 3001 1776 3086 Ut'
1867 2999 2120 3112 magis
2205 2987 2403 3083 vero
2495 2999 2815 3085 virtutis
2887 2997 3223 3114 dignitas
3295 3029 3378 3088 et
3446 2976 3868 3132 honestatis
3941 3053 3948 3060 ·

981 3136 1446 3274 pulcritudo
1493 3127 2005 3240 elucesceret,
2097 3132 2206 3218 illi
2249 3135 2570 3246 egregia
2611 3137 3152 3222 maximorum
3171 3140 3554 3227 yirorum
3596 3125 3867 3230 exem-

934 3275 1110 3392 pla
1184 3273 1527 3392 posteris
1632 3270 2131 3359 tradiderunt
2220 3293 2674 3381 eorumque
2768 3249 3308 3360 immortalem
3390 3263 3863 3366 memoriam

970 3415 1310 3530 poeticis
1368 3406 1923 3498 consecrarunt
1990 3405 2563 3500 monumentis
2707 3385 3013 3498 Nonne
3045 3410 3556 3520 Homerus,
3624 3402 3863 3501 Euri-

930 3551 1204 3665 pides
1254 3545 1645 3660 Virgilius
1702 3567 1784 3631 et
1824 3548 2045 3630 inter
2101 3542 2587 3629 recentiores
2642 3531 3136 3674 Schakspear
3181 3549 3402 3662 quafi
3454 3553 3536 3636 in
3598 3549 3863 3650 tabula
3923 3573 3936 3578 ·

859 3753 877 3771 .,
934 3681 1361 3801 quadam
1397 3684 1654 3810 pictos
1714 3673 2279 3793 proponebant
2352 3657 2696 3765 heroum
2760 3707 3026 3769 mores
3079 3682 3238 3802 hoc
3289 3685 3648 3794 consilio,
3759 3709 3858 3774 ut
3983 3672 3994 3689 ⁵
4089 3732 4098 3741 ·

977 3825 1373 3910 lectorum
1461 3817 1768 3901 animos
1850 3814 1953 3902 ad
2034 3814 2424 3930 quodque
2495 3816 2870 3930 pulcrum
2956 3841 3037 3907 et
3105 3820 3432 3907 homine
3510 3820 3851 3951 dignum

973 3943 1452 4075 adspirantes
1505 3952 1894 4066 exemplis
1951 3979 2115 4040 non
2163 3953 2415 4048 solum
2474 3953 2984 4070 dirigerent,
3060 3983 3352 4046 verum
3401 3962 3678 4068 etiam,
3753 3982 3882 4070 rut„
3944 3944 3956 3955 ⁶
4029 4001 4040 4026 ι

914 4096 1134 4209 ,ipsi
1172 4093 1485 4180 virtuti
1563 4091 1893 4206 ampliss
1870 4119 2112 4182 mam
2157 4111 2281 4179 et
2355 4089 2989 4200 jucundiffimam
3064 4094 3394 4184 suorum
3474 4096 3847 4188 laborum
3967 4089 3986 4104 “

934 4199 1516 4364 persolverent
1582 4215 2071 4402 mercedem.'
2219 4215 2472 4348 Quid
2527 4235 2740 4322 enim
2791 4217 3121 4324 dulcius
3179 4221 3288 4322 'et'
3332 4217 3844 4364 magnificen-

1336 4501 1371 4536 Τ
2195 4525 2216 4554 l
2831 4513 2878 4536 κ
